<record><leader>00000cas a2200000Ma 4500</leader><controlfield tag="001">10747123</controlfield><controlfield tag="008">840518d185u1867mauwr ne      0    0eng d</controlfield><datafield ind1=" " ind2=" " tag="010"><subfield code="a">sn 84023120 </subfield></datafield><datafield ind1=" " ind2=" " tag="040"><subfield code="a">AQM</subfield><subfield code="b">eng</subfield><subfield code="c">AQM</subfield><subfield code="d">OCLCQ</subfield><subfield code="d">YUS</subfield><subfield code="d">OCLCF</subfield><subfield code="d">OCLCO</subfield></datafield><datafield ind1="1" ind2=" " tag="029"><subfield code="a">AU@</subfield><subfield code="b">000020228332</subfield></datafield><datafield ind1="0" ind2="0" tag="245"><subfield code="a">Boston weekly courier.</subfield></datafield><datafield ind1=" " ind2=" " tag="260"><subfield code="a">[Boston, Mass.] :</subfield><subfield code="b">E.B. Foster &amp; Co.,</subfield><subfield code="c">-1867.</subfield></datafield><datafield ind1=" " ind2=" " tag="300"><subfield code="a">v. ;</subfield><subfield code="c">62-73 cm.</subfield></datafield><datafield ind1=" " ind2=" " tag="310"><subfield code="a">Weekly</subfield></datafield><datafield ind1="0" ind2=" " tag="362"><subfield code="a">; new ser. v. 1, no. 1 (Jan. 3, 1867).</subfield></datafield><datafield ind1=" " ind2=" " tag="500"><subfield code="a">Publishers: J. Clark &amp; Co., 1857; Clark, Fellows &amp; Co., 1857-1860; J. Clark &amp; Co., 1860-1861; G. Lunt &amp; Co., 1861-1865; Evening Courier Assn., 1865; Libbey &amp; Dennison, 1865-&lt;1866&gt;; J. Libbey, &lt;1867&gt;.</subfield></datafield><datafield ind1=" " ind2=" " tag="580"><subfield code="a">Other eds.: Boston semiweekly courier; Daily evening commercial; Boston daily courier; Boston evening courier (Boston, Mass. : 1865).</subfield></datafield><datafield ind1=" " ind2=" " tag="588"><subfield code="a">Description based on: Vol. 15, no. 780 (Mar. 4, 1852).</subfield></datafield><datafield ind1=" " ind2="7" tag="655"><subfield code="a">Newspapers.</subfield><subfield code="2">rbgenr</subfield></datafield><datafield ind1=" " ind2="0" tag="651"><subfield code="a">Boston (Mass.)</subfield><subfield code="v">Newspapers.</subfield></datafield><datafield ind1=" " ind2="7" tag="655"><subfield code="a">Newspapers.</subfield><subfield code="2">fast</subfield><subfield code="0">(OCoLC)fst01423814</subfield></datafield><datafield ind1=" " ind2="7" tag="651"><subfield code="a">Massachusetts</subfield><subfield code="z">Boston.</subfield><subfield code="2">fast</subfield><subfield code="0">(OCoLC)fst01205012</subfield></datafield><datafield ind1=" " ind2=" " tag="752"><subfield code="a">United States</subfield><subfield code="b">Massachusetts</subfield><subfield code="c">Suffolk</subfield><subfield code="d">Boston.</subfield></datafield><datafield ind1="1" ind2=" " tag="775"><subfield code="t">Boston semiweekly courier</subfield><subfield code="w">(DLC)sn 84023118</subfield></datafield><datafield ind1="1" ind2=" " tag="775"><subfield code="t">Daily evening commercial</subfield><subfield code="w">(DLC)sn 84023116</subfield></datafield><datafield ind1="1" ind2=" " tag="775"><subfield code="t">Boston daily courier</subfield><subfield code="w">(DLC)sn 84023125</subfield></datafield><datafield ind1="1" ind2=" " tag="775"><subfield code="t">Boston evening courier (Boston, Mass. : 1865)</subfield><subfield code="w">(DLC)sn 84023105</subfield></datafield><datafield ind1="0" ind2="0" tag="780"><subfield code="t">Boston courier (Boston, Mass. : 1837)</subfield><subfield code="w">(DLC)sn 84023126</subfield></datafield><datafield ind1="0" ind2="0" tag="785"><subfield code="t">Boston courier (Boston, Mass. : 1867)</subfield><subfield code="w">(DLC)sn 84023101</subfield></datafield></record>